@article{maehara2014computing,
  title={Computing personalized PageRank quickly by exploiting graph structures},
  author={Maehara, Takanori and Akiba, Takuya and Iwata, Yoichi and Kawarabayashi, Ken-ichi},
  journal={PVLDB},
  volume={7},
  number={12},
  pages={1023--1034},
  year={2014}
}

@inproceedings{huang2012randomized,
  title={Randomized algorithms for tracking distributed count, frequencies, and ranks},
  author={Huang, Zengfeng and Yi, Ke and Zhang, Qin},
  booktitle={Proceedings of the 31st ACM SIGMOD-SIGACT-SIGAI symposium on Principles of Database Systems},
  pages={295--306},
  year={2012},
  organization={ACM}
}

@inproceedings{wei2019prsim,
  title={PRSim: Sublinear time SimRank computation on large power-law graphs},
  author={Wei, Zhewei and He, Xiaodong and Xiao, Xiaokui and Wang, Sibo and Liu, Yu and Du, Xiaoyong and Wen, Ji-Rong},
  booktitle={Proceedings of the 2019 International Conference on Management of Data},
  pages={1042--1059},
  year={2019}
}

@inproceedings{zeng2019graphsaint,
  title={Graphsaint: Graph sampling based inductive learning method},
  author={Zeng, Hanqing and Zhou, Hongkuan and Srivastava, Ajitesh and Kannan, Rajgopal and Prasanna, Viktor},
  booktitle = {ICLR},
  year={2020}
}

@inproceedings{hamilton2017graphSAGE,
     author = {Hamilton, William L. and Ying, Rex and Leskovec, Jure},
     title = {Inductive Representation Learning on Large Graphs},
     booktitle = {{NeurIPS}},
     year = {2017}
}

@inproceedings{chiang2019clusterGCN,
  title={Cluster-GCN: An efficient algorithm for training deep and large graph convolutional networks},
  author={Chiang, Wei-Lin and Liu, Xuanqing and Si, Si and Li, Yang and Bengio, Samy and Hsieh, Cho-Jui},
  booktitle={KDD},
  pages={257--266},
  year={2019}
}

@inproceedings{peserico2009score,
  title={Score and rank convergence of HITS},
  author={Peserico, Enoch and Pretto, Luca},
  booktitle={Proceedings of the 32nd international ACM SIGIR conference on Research and development in information retrieval},
  pages={770--771},
  year={2009}
}

@inproceedings{kloster2014heat,
  title={Heat kernel based community detection},
  author={Kloster, Kyle and Gleich, David F},
  booktitle={KDD},
  pages={1386--1395},
  year={2014}
}

@inproceedings{zou2019layer,
  title={Layer-Dependent Importance Sampling for Training Deep and Large Graph Convolutional Networks},
  author={Zou, Difan and Hu, Ziniu and Wang, Yewen and Jiang, Song and Sun, Yizhou and Gu, Quanquan},
  booktitle={NeurIPS},
  pages={11249--11259},
  year={2019}
}


@article{chung2018computing,
  title={Computing heat kernel pagerank and a local clustering algorithm},
  author={Chung, Fan and Simpson, Olivia},
  journal={European Journal of Combinatorics},
  volume={68},
  pages={96--119},
  year={2018},
  publisher={Elsevier}
}

@inproceedings{yang2019TEA,
  title={Efficient Estimation of Heat Kernel PageRank for Local Clustering},
  author={Yang, Renchi and Xiao, Xiaokui and Wei, Zhewei and Bhowmick, Sourav S and Zhao, Jun and Li, Rong-Hua},
  booktitle={SIGMOD},
  pages={1339--1356},
  year={2019}
}



@inproceedings{wang2020RBS,
  title={Personalized PageRank to a Target Node, Revisited},
  author={Wang, Hanzhi and Wei, Zhewei and Gan, Junhao and Wang, Sibo and Huang, Zengfeng},
  booktitle={Proceedings of the 26th ACM SIGKDD International Conference on Knowledge Discovery \& Data Mining},
  pages={657--667},
  year={2020}
}

@article{kleinberg1999HITS,
  title={Hubs, authorities, and communities},
  author={Kleinberg, Jon M},
  journal={ACM computing surveys (CSUR)},
  volume={31},
  number={4es},
  pages={5--es},
  year={1999},
  publisher={ACM New York, NY, USA}
}

@article{milgram1967small,
  title={The small world problem},
  author={Milgram, Stanley},
  journal={Psychology today},
  volume={2},
  number={1},
  pages={60--67},
  year={1967},
  publisher={New York}
}

@article{katz1953Katz,
  title={A new status index derived from sociometric analysis},
  author={Katz, Leo},
  journal={Psychometrika},
  volume={18},
  number={1},
  pages={39--43},
  year={1953},
  publisher={Springer}
}

@article{chung2007HKPR,
  title={The heat kernel as the pagerank of a graph},
  author={Chung, Fan},
  journal={PNAS},
  volume={104},
  number={50},
  pages={19735--19740},
  year={2007},
  publisher={National Acad Sciences}
}



@article{wei2019strap,
  author    = {Yuan Yin and
               Zhewei Wei},
  title     = {Scalable Graph Embeddings via Sparse Transpose Proximities},
  journal   = {CoRR},
  volume    = {abs/1905.07245},
  year      = {2019},
  url       = {http://arxiv.org/abs/1905.07245},
  archivePrefix = {arXiv},
  eprint    = {1905.07245},
  timestamp = {Tue, 28 May 2019 12:48:08 +0200},
  biburl    = {https://dblp.org/rec/bib/journals/corr/abs-1905-07245},
  bibsource = {dblp computer science bibliography, https://dblp.org}
}

@inproceedings{bressan2018sublinear,
  title={Sublinear algorithms for local graph centrality estimation},
  author={Bressan, Marco and Peserico, Enoch and Pretto, Luca},
  booktitle={FOCS},
  pages={709--718},
  year={2018},
}

@inproceedings{BollobasBCR03,
  author    = {B{\'{e}}la Bollob{\'{a}}s and
               Christian Borgs and
               Jennifer T. Chayes and
               Oliver Riordan},
  title     = {Directed scale-free graphs},
  booktitle = {{SODA}},
  pages     = {132--139},
  year      = {2003},
}


@inproceedings{lofgren2015bidirectional,
  title={Personalized pagerank estimation and search: A bidirectional approach},
  author={Lofgren, Peter and Banerjee, Siddhartha and Goel, Ashish},
  booktitle={{WSDM}},
  pages={163--172},
  year={2016}
}

@article{lofgren2013personalized,
  title={Personalized pagerank to a target node},
  author={Lofgren, Peter and Goel, Ashish},
  journal={arXiv preprint arXiv:1304.4658},
  year={2013}
}

@inproceedings{Lofgren2014FASTPPR,
 author = {Lofgren, Peter A. and Banerjee, Siddhartha and Goel, Ashish and Seshadhri, C.},
 title = {FAST-PPR: Scaling Personalized Pagerank Estimation for Large Graphs},
 booktitle = {Proceedings of the 20th ACM SIGKDD International Conference on Knowledge Discovery and Data Mining},
 series = {KDD '14},
 year = {2014},
 isbn = {978-1-4503-2956-9},
 location = {New York, New York, USA},
 pages = {1436--1445},
 numpages = {10},
 acmid = {2623745},
 publisher = {ACM},
 address = {New York, NY, USA},
 keywords = {personalized pagerank, social search},
} 


@inproceedings{Shin2015BEAR,
  author    = {Kijung Shin and
               Jinhong Jung and
               Lee Sael and
               U. Kang},
  title     = {{BEAR:} Block Elimination Approach for Random Walk with Restart on
               Large Graphs},
  booktitle = {{SIGMOD}},
  pages     = {1571--1585},
  year      = {2015},
}


@article{Wang2016HubPPR,
  author    = {Sibo Wang and
               Youze Tang and
               Xiaokui Xiao and
               Yin Yang and
               Zengxiang Li},
  title     = {HubPPR: Effective Indexing for Approximate Personalized PageRank},
  journal   = {{PVLDB}},
  volume    = {10},
  number    = {3},
  pages     = {205--216},
  year      = {2016}
}

@inproceedings{Wang2017FORA,
  author    = {Sibo Wang and
               Renchi Yang and
               Xiaokui Xiao and
               Zhewei Wei and
               Yin Yang},
  title     = {{FORA:} Simple and Effective Approximate Single-Source Personalized
               PageRank},
  booktitle = {KDD},
  pages     = {505--514},
  year      = {2017}
}

@article{Sheng2012Exact,
  author    = {Cheng Sheng and
               Yufei Tao and
               Jianzhong Li},
  title     = {Exact and approximate algorithms for the most connected vertex problem},
  journal   = {{ACM} Trans. Database Syst.},
  volume    = {37},
  number    = {2},
  pages     = {12:1--12:39},
  year      = {2012},
}

@inproceedings{Andersen2017Local,
  author    = {Reid Andersen and
               Christian Borgs and
               Jennifer T. Chayes and
               John E. Hopcroft and
               Vahab S. Mirrokni and
               Shang{-}Hua Teng},
  title     = {Local Computation of PageRank Contributions},
  booktitle = {{WAW}},
  pages     = {150--165},
  year      = {2007},
}

@article{Berkhin05Survey,
  author    = {Pavel Berkhin},
  title     = {Survey: {A} Survey on PageRank Computing},
  journal   = {Internet Mathematics},
  volume    = {2},
  number    = {1},
  pages     = {73--120},
  year      = {2005},
}

@inproceedings{Andr2005SpamRank,
  title={SpamRank -- Fully Automatic Link Spam Detection},
  author={András A. Benczúr and Csalogány, Károly and Sarlós, Tamás and Uher, Máté},
  booktitle={AIRWeb 2005, First International Workshop on Adversarial Information Retrieval on the Web, co-located with the WWW conference, Chiba, Japan, May 2005},
  year={2005},
}

%web search
@inproceedings{jeh2003scaling,
  title={Scaling personalized web search},
  author={Jeh, Glen and Widom, Jennifer},
  booktitle={Proceedings of the 12th international conference on World Wide Web},
  pages={271--279},
  year={2003}
}


@article{page1999pagerank,
  title={The PageRank citation ranking: bringing order to the web.},
  author={Page, Lawrence and Brin, Sergey and Motwani, Rajeev and Winograd, Terry},
  year={1999},
  publisher={Stanford InfoLab}
}



@article{BahmaniCG10,
  title={Fast incremental and personalized pagerank},
  author={Bahmani, Bahman and Chowdhury, Abdur and Goel, Ashish},
  journal={VLDB},
  volume={4},
  number={3},
  pages={173--184},
  year={2010}
}



@inproceedings{Teng2004Nibble,
  title={Nearly-linear time algorithms for graph partitioning, graph sparsification, and solving linear systems},
  author={Spielman, Daniel A and Teng, Shang-Hua},
  booktitle={STOC},
  pages={81--90},
  year={2004}
}

%spam detection
@inproceedings{andersen2008robust,
  title={Robust pagerank and locally computable spam detection features},
  author={Andersen, Reid and Borgs, Christian and Chayes, Jennifer and Hopcroft, John and Jain, Kamal and Mirrokni, Vahab and Teng, Shanghua},
  booktitle={Proceedings of the 4th international workshop on Adversarial information retrieval on the web},
  pages={69--76},
  year={2008}
}

@article{Spirin2011spam,
  author    = {Nikita Spirin and
               Jiawei Han},
  title     = {Survey on web spam detection: principles and algorithms},
  journal   = {{SIGKDD} Explorations},
  volume    = {13},
  number    = {2},
  pages     = {50--64},
  year      = {2011},
}

%link prediction
@inproceedings{backstrom2011supervised,
  title={Supervised random walks: predicting and recommending links in social networks},
  author={Backstrom, Lars and Leskovec, Jure},
  booktitle={Proceedings of the fourth ACM international conference on Web search and data mining},
  pages={635--644},
  year={2011}
}

@inproceedings{Liben2003link,
  author    = {David Liben{-}Nowell and
               Jon M. Kleinberg},
  title     = {The link prediction problem for social networks},
  booktitle = {{CIKM}},
  pages     = {556--559},
  year      = {2003},
}


@inproceedings{gupta2013wtf,
  title={Wtf: The who to follow service at twitter},
  author={Gupta, Pankaj and Goel, Ashish and Lin, Jimmy and Sharma, Aneesh and Wang, Dong and Zadeh, Reza},
  booktitle={{WWW}},
  pages={505--514},
  year={2013},
}

%personalized web search
@inproceedings{liu2017related,
  title={Related pins at pinterest: The evolution of a real-world recommender system},
  author={Liu, David C and Rogers, Stephanie and Shiau, Raymond and Kislyuk, Dmitry and Ma, Kevin C and Zhong, Zhigang and Liu, Jenny and Jing, Yushi},
  booktitle={Proceedings of the 26th international conference on world wide web companion},
  pages={583--592},
  year={2017}
}

@article{ivan2011cell,
  title={When the Web meets the cell: using personalized PageRank for analyzing protein interaction networks},
  author={Iv{\'a}n, G{\'a}bor and Grolmusz, Vince},
  journal={Bioinformatics},
  volume={27},
  number={3},
  pages={405--407},
  year={2011},
  publisher={Oxford University Press}
}


@inproceedings{baluja2008video,
  title={Video suggestion and discovery for youtube: taking random walks through the view graph},
  author={Baluja, Shumeet and Seth, Rohan and Sivakumar, Dharshi and Jing, Yushi and Yagnik, Jay and Kumar, Shankar and Ravichandran, Deepak and Aly, Mohamed},
  booktitle={Proceedings of the 17th international conference on World Wide Web},
  pages={895--904},
  year={2008}
}


@misc{snapnets,
  howpublished = {\url{http://snap.stanford.edu/data}},
}


@misc{LinkedIn,
    howpublished = {https://spark-summit.org/2017/events/random-walks-on-large-scale-graphs-with-apache-spark/}
}

@inproceedings{Lofgren2015birectional,
  author    = {Peter Lofgren and
               Siddhartha Banerjee and
               Ashish Goel},
  title     = {Bidirectional PageRank Estimation: From Average-Case to Worst-Case},
  booktitle = {{WAW}},
  pages     = {164--176},
  year      = {2015},
}



@inproceedings{jung2017bepi,
  title={BePI: Fast and Memory-Efficient Method for Billion-Scale Random Walk with Restart},
  author={Jinhong Jung and  Namyong Park and  Sael Lee and  U Kang},
  booktitle={SIGMOD},
  pages={789--804},
  year={2017}
}


@inproceedings{coskun2016efficient,
  title={Efficient processing of network proximity queries via chebyshev acceleration},
  author={ Mustafa Coskun and  Ananth Grama and  Mehmet Koyuturk},
  booktitle={KDD},
  pages={1515--1524},
  year={2016}
}


@misc{LWA,
NOTE = {\url{http://law.di.unimi.it/datasets.php}}
}


@inproceedings{wang2018heavyhitters,
  title={Efficient algorithms for finding approximate heavy hitters in personalized pageranks},
  author={Wang, Sibo and Tao, Yufei},
  booktitle={Proceedings of the 2018 International Conference on Management of Data},
  pages={1113--1127},
  year={2018}
}


@article{liu2017probesim,
  title={Probesim: scalable single-source and top-k simrank computations on dynamic graphs},
  author={Liu, Yu and Zheng, Bolong and He, Xiaodong and Wei, Zhewei and Xiao, Xiaokui and Zheng, Kai and Lu, Jiaheng},
  journal={PVLDB},
  volume={11},
  number={1},
  pages={14--26},
  year={2017},
  publisher={VLDB Endowment}
}



@article{Fogaras2005MC, 
  author    = {D{\'{a}}niel Fogaras and
               Bal{\'{a}}zs R{\'{a}}cz and
               K{\'{a}}roly Csalog{\'{a}}ny and
               Tam{\'{a}}s Sarl{\'{o}}s},
  title     = {Towards Scaling Fully Personalized PageRank: Algorithms, Lower Bounds,
               and Experiments},
  journal   = {Internet Mathematics},
  volume    = {2},
  number    = {3},
  pages     = {333--358},
  year      = {2005}
}

@inproceedings{FOCS06_FS,
  author    = {Reid Andersen and
               Fan R. K. Chung and
               Kevin J. Lang},
  title     = {Local Graph Partitioning using PageRank Vectors},
  booktitle = {FOCS},
  pages     = {475--486},
  year      = {2006}
}



@inproceedings{Tian2016SLING,
  author    = {Boyu Tian and
               Xiaokui Xiao},
  title     = {{SLING:} {A} Near-Optimal Index Structure for SimRank},
  booktitle = {SIGMOD},
  pages     = {1859--1874},
  year      = {2016}
}


@inproceedings{brach2016algorithmic,
  title={Algorithmic complexity of power law networks},
  author={Brach, Pawel and Cygan, Marek and Lkacki, Jakub and Sankowski, Piotr},
  booktitle={SODA},
  pages={1306--1325},
  year={2016},
  organization={Society for Industrial and Applied Mathematics}
}

@article{albert2002statistical,
  title={Statistical mechanics of complex networks},
  author={Albert, R{\'e}ka and Barab{\'a}si, Albert-L{\'a}szl{\'o}},
  journal={Reviews of modern physics},
  volume={74},
  number={1},
  pages={47},
  year={2002},
  publisher={APS}
}


@inproceedings{wei2018topppr,
  title={Topppr: top-k personalized pagerank queries with precision guarantees on large graphs},
  author={Wei, Zhewei and He, Xiaodong and Xiao, Xiaokui and Wang, Sibo and Shang, Shuo and Wen, Ji-Rong},
  booktitle={SIGMOD},
  pages={441--456},
  year={2018},
  organization={ACM}
}

@article{litvak2007degree,
  title={In-degree and PageRank: why do they follow similar power laws?},
  author={Litvak, Nelly and Scheinhardt, Werner RW and Volkovich, Yana},
  journal={Internet mathematics},
  volume={4},
  number={2-3},
  pages={175--198},
  year={2007},
  publisher={Taylor \& Francis}
}



@inproceedings{charikar2002finding,
  title={Finding frequent items in data streams},
  author={Charikar, Moses and Chen, Kevin and Farach-Colton, Martin},
  booktitle={ICALP},
  pages={693--703},
  year={2002},
}


@article{chen2017fast,
  title={Fast, warped graph embedding: Unifying framework and one-click algorithm},
  author={Chen, Siheng and Niu, Sufeng and Akoglu, Leman and Kova{\v{c}}evi{\'c}, Jelena and Faloutsos, Christos},
  journal={arXiv preprint arXiv:1702.05764},
  year={2017}
}

@inproceedings{ou2016asymmetric,
  title={Asymmetric transitivity preserving graph embedding},
  author={Ou, Mingdong and Cui, Peng and Pei, Jian and Zhang, Ziwei and Zhu, Wenwu},
  booktitle={KDD},
  pages={1105--1114},
  year={2016},
}
@article{chen2018fastgcn,
  title={Fastgcn: fast learning with graph convolutional networks via importance sampling},
  author={Chen, Jie and Ma, Tengfei and Xiao, Cao},
  journal={arXiv preprint arXiv:1801.10247},
  year={2018}
}


@inproceedings{hu2020ogb,
 author = {Hu, Weihua and Fey, Matthias and Zitnik, Marinka and Dong, Yuxiao and Ren, Hongyu and Liu, Bowen and Catasta, Michele and Leskovec, Jure},
 booktitle = {NeurIPS},
 title = {Open Graph Benchmark: Datasets for Machine Learning on Graphs},
 year = {2020}
}


@inproceedings{perozzi2014deepwalk,
  title={Deepwalk: Online learning of social representations},
  author={Perozzi, Bryan and Al-Rfou, Rami and Skiena, Steven},
  booktitle={SIGKDD},
  pages={701--710},
  year={2014},
  organization={ACM}
}

@inproceedings{grover2016node2vec,
  title={node2vec: Scalable feature learning for networks},
  author={Grover, Aditya and Leskovec, Jure},
  booktitle={SIGKDD},
  pages={855--864},
  year={2016},
  organization={ACM}
}


@inproceedings{tsitsulin2018verse,
  title={VERSE: Versatile Graph Embeddings from Similarity Measures},
  author={Tsitsulin, Anton and Mottin, Davide and Karras, Panagiotis and M{\"u}ller, Emmanuel},
  booktitle={WWW},
  pages={539--548},
  year={2018},
  organization={WWW}
}

@inproceedings{zhou2017scalable,
  title={Scalable Graph Embedding for Asymmetric Proximity.},
  author={Zhou, Chang and Liu, Yuqiong and Liu, Xiaofei and Liu, Zhongyi and Gao, Jun},
  booktitle={AAAI},
  pages={2942--2948},
  year={2017}
}

@inproceedings{tang2015line,
  title={Line: Large-scale information network embedding},
  author={Tang, Jian and Qu, Meng and Wang, Mingzhe and Zhang, Ming and Yan, Jun and Mei, Qiaozhu},
  booktitle={WWW},
  pages={1067--1077},
  year={2015},
  organization={International World Wide Web Conferences Steering Committee}
}


@inproceedings{qiu2018network,
  title={Network embedding as matrix factorization: Unifying deepwalk, line, pte, and node2vec},
  author={Qiu, Jiezhong and Dong, Yuxiao and Ma, Hao and Li, Jian and Wang, Kuansan and Tang, Jie},
  booktitle={WSDM},
  pages={459--467},
  year={2018},
}

@article{cui2018survey,
  title={A survey on network embedding},
  author={Cui, Peng and Wang, Xiao and Pei, Jian and Zhu, Wenwu},
  journal={TKDE},
  year={2018},
  publisher={IEEE}
}

@inproceedings{Klicpera2018APPNP,
  title={Predict then propagate: Graph neural networks meet personalized pagerank},
  author={Klicpera, Johannes and Bojchevski, Aleksandar and G{\"u}nnemann, Stephan},
  booktitle={ICLR},
  year={2019}
}



@article{zhou2018dynamic,
  title={Dynamic Network Embedding by Modeling Triadic Closure Process},
  author={Zhou, Lekui and Yang, Yang and Ren, Xiang and Wu, Fei and Zhuang, Yueting},
  booktitle={AAAI},
  year={2018}
}

@inproceedings{cao2016deep,
  title={Deep Neural Networks for Learning Graph Representations.},
  author={Cao, Shaosheng and Lu, Wei and Xu, Qiongkai},
  booktitle={AAAI},
  pages={1145--1152},
  year={2016}
}

@inproceedings{niepert2016learning,
  title={Learning convolutional neural networks for graphs},
  author={Niepert, Mathias and Ahmed, Mohamed and Kutzkov, Konstantin},
  booktitle={ICML},
  pages={2014--2023},
  year={2016}
}

@article{clarkson2017low,
  title={Low-rank approximation and regression in input sparsity time},
  author={Clarkson, Kenneth L and Woodruff, David P},
  journal={JACM},
  volume={63},
  number={6},
  pages={54},
  year={2017},
  publisher={ACM}
}

@inproceedings{kipf2016GCN,
  title={Semi-supervised classification with graph convolutional networks},
  author={Kipf, Thomas N and Welling, Max},
  booktitle={ICLR},
  year={2017}
}

@article{fan2008liblinear,
  title={LIBLINEAR: A library for large linear classification},
  author={Fan, Rong-En and Chang, Kai-Wei and Hsieh, Cho-Jui and Wang, Xiang-Rui and Lin, Chih-Jen},
  journal={JMLR},
  volume={9},
  number={Aug},
  pages={1871--1874},
  year={2008}
}

@inproceedings{tang2009large,
  title={Large scale multi-label classification via metalabeler},
  author={Tang, Lei and Rajan, Suju and Narayanan, Vijay K},
  booktitle={WWW},
  pages={211--220},
  year={2009},
  organization={ACM}
}


@incollection{tsoumakas2009mining,
  title={Mining multi-label data},
  author={Tsoumakas, Grigorios and Katakis, Ioannis and Vlahavas, Ioannis},
  booktitle={Data mining and knowledge discovery handbook},
  pages={667--685},
  year={2009},
  publisher={Springer}
}

@inproceedings{feng2018fast,
  title={Fast Randomized PCA for Sparse Data},
  author={Feng, Xu and Xie, Yuyang and Song, Mingye and Yu, Wenjian and Tang, Jie},
  booktitle={Asian Conference on Machine Learning},
  pages={710--725},
  year={2018}
}


@inproceedings{ribeiro2017struc2vec,
  title={struc2vec: Learning node representations from structural identity},
  author={Ribeiro, Leonardo FR and Saverese, Pedro HP and Figueiredo, Daniel R},
  booktitle={SIGKDD},
  pages={385--394},
  year={2017},
  organization={ACM}
}

@inproceedings{Li2013MapReduce,
  title={MapReduce-Based SimRank Computation and Its Application in Social Recommender System},
  author={Li, Lina and Li, Cuiping and Hong, Chen and Du, Xiaoyong},
  booktitle={Big Data (BigData Congress), 2013 IEEE International Congress on},
  year={2013},
}


@article{L2011Link,
  title={Link prediction in complex networks: A survey},
  author={L{\"u}, Linyuan and Zhou, Tao},
  journal={Physica A: statistical mechanics and its applications},
  volume={390},
  number={6},
  pages={1150--1170},
  year={2011},
  publisher={Elsevier}
}

@inproceedings{klicpera2019GDC,
    title={Diffusion Improves Graph Learning},
    author={Johannes Klicpera and Stefan Weißenberger and Stephan Günnemann},
    booktitle={NeurIPS},
    pages={13354--13366},
    year={2019}
}

@inproceedings{chen2020GBP,
 author = {Chen, Ming and Wei, Zhewei and Ding, Bolin and Li, Yaliang and Yuan, Ye and Du, Xiaoyong and Wen, Ji-Rong},
 booktitle = {NeurIPS},
 title = {Scalable Graph Neural Networks via Bidirectional Propagation},
 year = {2020}
}


@article{reittu2019regular,
  title={Regular decomposition of large graphs: Foundation of a sampling approach to stochastic block model fitting},
  author={Reittu, Hannu and Norros, Ilkka and R{\"a}ty, Tomi and Bolla, Marianna and Bazs{\'o}, F{\"u}l{\"o}p},
  journal={Data Science and Engineering},
  volume={4},
  number={1},
  pages={44--60},
  year={2019},
  publisher={Springer}
}


@inproceedings{wu2019SGC,
  title={Simplifying graph convolutional networks},
  author={Wu, Felix and Souza, Amauri and Zhang, Tianyi and Fifty, Christopher and Yu, Tao and Weinberger, Kilian},
  booktitle={ICML},
  pages={6861--6871},
  year={2019},
  organization={PMLR}
}

@inproceedings{bojchevski2020scaling,
  title={Scaling Graph Neural Networks with Approximate PageRank},
  author={Bojchevski, Aleksandar and Klicpera, Johannes and Perozzi, Bryan and Kapoor, Amol and Blais, Martin and R{\'o}zemberczki, Benedek and Lukasik, Michal and G{\"u}nnemann, Stephan},
  booktitle={KDD},
  pages={2464--2473},
  year={2020}
}

@inproceedings{li2019encoding,
    title = {Encoding Social Information with Graph Convolutional Networks for{P}olitical Perspective Detection in News Media},
    author = {Li, Chang  and Goldwasser, Dan},
    booktitle = {ACL},
    year = {2019},
    pages = {2594--2604},
}

@inproceedings{fout2017protein,
  title={Protein interface prediction using graph convolutional networks},
  author={Fout, Alex and Byrd, Jonathon and Shariat, Basir and Ben-Hur, Asa},
  booktitle={Advances in neural information processing systems},
  pages={6530--6539},
  year={2017}
}

@inproceedings{shang2019gamenet,
  title={Gamenet: Graph augmented memory networks for recommending medication combination},
  author={Shang, Junyuan and Xiao, Cao and Ma, Tengfei and Li, Hongyan and Sun, Jimeng},
  booktitle={AAAI},
  pages={1126--1133},
  year={2019}
}

@inproceedings{ying2018graph,
  title={Graph convolutional neural networks for web-scale recommender systems},
  author={Ying, Rex and He, Ruining and Chen, Kaifeng and Eksombatchai, Pong and Hamilton, William L and Leskovec, Jure},
  booktitle={KDD},
  pages={974--983},
  year={2018}
}



@inproceedings{lin2020index,
  title={Index-Free Approach with Theoretical Guarantee for Efficient Random Walk with Restart Query},
  author={Lin, Dandan and Wong, Raymond Chi-Wing and Xie, Min and Wei, Victor Junqiu},
  booktitle={ICDE},
  pages={913--924},
  year={2020},
  organization={IEEE}
}

@article{foster2001faster,
  title={A faster katz status score algorithm},
  author={Foster, Kurt C and Muth, Stephen Q and Potterat, John J and Rothenberg, Richard B},
  journal={Computational \& Mathematical Organization Theory},
  volume={7},
  number={4},
  pages={275--285},
  year={2001},
  publisher={Springer}
}


@inproceedings{He2016ResNet,
  author    = {Kaiming He and
               Xiangyu Zhang and
               Shaoqing Ren and
               Jian Sun},
  title     = {Deep Residual Learning for Image Recognition},
  booktitle = {CVPR},
  pages     = {770--778},
  year      = {2016}
}

@inproceedings{bringmann2012efficient,
  title={Efficient sampling methods for discrete distributions},
  author={Bringmann, Karl and Panagiotou, Konstantinos},
  booktitle={ICALP},
  pages={133--144},
  year={2012},
}



@misc{TechnicalReport,
  howpublished = {\url{https://www.dropbox.com/sh/abkkeveikjeuj9u/AAB7J_EVvRO0dvGwzIH6l7dta?dl=0}},
}

